<?xml version="1.0" encoding="UTF-8"?><collection xmlns="http://www.loc.gov/MARC21/slim"><record><leader>00374nam--2200145-i-4500</leader><controlfield tag="001">000025935</controlfield><controlfield tag="002">20161230</controlfield><controlfield tag="005">20161230201036</controlfield><controlfield tag="008">060222s1000------------r-----000-0-eng-d</controlfield><datafield ind1=" " ind2=" " tag="080"><subfield code="a">621.38</subfield></datafield><datafield ind1=" " ind2=" " tag="100"><subfield code="a">Jolly, W. P</subfield></datafield><datafield ind1=" " ind2=" " tag="245"><subfield code="a">Low noise electronics</subfield></datafield><datafield ind1=" " ind2=" " tag="260"><subfield code="a">London, The English Universities Press Ltd. 1967. 149p</subfield></datafield><datafield ind1=" " ind2=" " tag="490"><subfield code="a">Introductory Science Texts</subfield></datafield><datafield ind1=" " ind2=" " tag="852"><subfield code="a">26955</subfield></datafield></record></collection>